@article{moody2001impact,
  title={The impact of the MIT-BIH arrhythmia database},
  author={Moody, George B and Mark, Roger G},
  journal={IEEE Engineering in Medicine and Biology Magazine},
  volume={20},
  number={3},
  pages={45--50},
  year={2001},
  publisher={IEEE}
}

@article{hannun2019cardiologist,
  title={Cardiologist-level arrhythmia detection and classification in ambulatory electrocardiograms using a deep neural network},
  author={Hannun, Awni Y and Rajpurkar, Pranav and Haghpanahi, Masoumeh and Tison, Geoffrey H and Bourn, Codie and Turakhia, Mintu P and Ng, Andrew Y},
  journal={Nature medicine},
  volume={25},
  number={1},
  pages={65--69},
  year={2019},
  publisher={Nature Publishing Group}
}

@article{rajpurkar2017cardiologist,
  title={Cardiologist-level arrhythmia detection with convolutional neural networks},
  author={Rajpurkar, Pranav and Hannun, Awni Y and Haghpanahi, Masoumeh and Bourn, Codie and Ng, Andrew Y},
  journal={arXiv preprint arXiv:1707.01836},
  year={2017}
}
